@inproceedings{Freund:1996,
 author = {Freund, Yoav and Schapire, Robert E.},
 title = {Game Theory, On-line Prediction and Boosting},
 booktitle = {Proceedings of the Ninth Annual Conference on Computational
 Learning Theory},
 series = {COLT '96},
 year = {1996},
 isbn = {0-89791-811-8},
 location = {Desenzano del Garda, Italy},
 pages = {325--332},
 numpages = {8},
 url = {http://doi.acm.org/10.1145/238061.238163},
 doi = {10.1145/238061.238163},
 acmid = {238163},
 publisher = {ACM},
 address = {New York, NY, USA},
}

@inproceedings{He:2013,
 author = {He, Di and Chen, Wei and Wang, Liwei and Liu, Tie-Yan},
 title = {A Game-Theoretic Machine Learning Approach for Revenue Maximization
 in Sponsored Search},
 booktitle = {Proceedings of the Twenty-Third International Joint Conference on
 Artificial Intelligence},
 series = {IJCAI'13},
 year = {2013},
 isbn = {978-1-57735-633-2},
 location = {Beijing, China},
 pages = {206--212},
 numpages = {7},
 url = {http://dl.acm.org/citation.cfm?id=2540128.2540160},
 acmid = {2540160},
 publisher = {AAAI Press},
}

@inproceedings{Blum:2006,
 title={Machine Learning, Game Theory, and Mechanism Design for a Networked
 World},
 author={PI, A Blum and Blum, M and Kearns, M and Sandholm, T and Hajiaghayi,
 MT},
 series = {NSF proposal},
 year = {2006}
}
